<record><leader>00000cas a2200000 a 4500</leader><controlfield tag="001">11102079</controlfield><controlfield tag="008">840829d19181924ksuwr ne      0   a0eng d</controlfield><datafield ind1=" " ind2=" " tag="010"><subfield code="a">sn 84029384 </subfield></datafield><datafield ind1=" " ind2=" " tag="040"><subfield code="a">KSH</subfield><subfield code="b">eng</subfield><subfield code="c">KSH</subfield><subfield code="d">NPT</subfield><subfield code="d">OCL</subfield><subfield code="d">OCLCQ</subfield></datafield><datafield ind1=" " ind2=" " tag="042"><subfield code="a">msc</subfield></datafield><datafield ind1="0" ind2="0" tag="245"><subfield code="a">Abilene weekly chronicle and the Dickinson County news.</subfield></datafield><datafield ind1=" " ind2=" " tag="260"><subfield code="a">Abilene, Kan. :</subfield><subfield code="b">P.W. Heath,</subfield><subfield code="c">1918-1924.</subfield></datafield><datafield ind1=" " ind2=" " tag="300"><subfield code="a">5 v. :</subfield><subfield code="b">ill. ;</subfield><subfield code="c">55 cm.</subfield></datafield><datafield ind1=" " ind2=" " tag="310"><subfield code="a">Weekly</subfield></datafield><datafield ind1="0" ind2=" " tag="362"><subfield code="a">Dec. 4, 1918-Mar. 8, 1922 ; vol. 52, no. 11 (Mar. 15, 1922)-v. 53, no. 52 (Jan. 2, 1924).</subfield></datafield><datafield ind1=" " ind2=" " tag="500"><subfield code="a">Publisher varies.</subfield></datafield><datafield ind1=" " ind2=" " tag="515"><subfield code="a">Continues numbering of Abilene weekly chronicle.</subfield></datafield><datafield ind1=" " ind2=" " tag="530"><subfield code="a">Available on microfilm from Micro Photo.</subfield></datafield><datafield ind1=" " ind2=" " tag="752"><subfield code="a">United States</subfield><subfield code="b">Kansas</subfield><subfield code="c">Dickinson</subfield><subfield code="d">Abilene.</subfield></datafield><datafield ind1="0" ind2="4" tag="780"><subfield code="t">Dickinson County news and the Abilene democrat</subfield><subfield code="w">(DLC)sn 84029376</subfield></datafield><datafield ind1="0" ind2="4" tag="780"><subfield code="t">Abilene weekly chronicle</subfield><subfield code="w">(DLC)sn 84029390</subfield></datafield><datafield ind1="0" ind2="0" tag="785"><subfield code="t">Chronicle (Abilene, Kan.)</subfield><subfield code="w">(DLC)sn 84029389</subfield></datafield></record>